<record><leader>00000cas a2200000 a 4500</leader><controlfield tag="001">27707492</controlfield><controlfield tag="008">930310d18931926cauwr ne      0    0eng c</controlfield><datafield ind1=" " ind2=" " tag="010"><subfield code="a">sn 93051962 </subfield></datafield><datafield ind1=" " ind2=" " tag="040"><subfield code="a">CUY</subfield><subfield code="b">eng</subfield><subfield code="c">CNK</subfield><subfield code="d">OCLCQ</subfield><subfield code="d">CNK</subfield><subfield code="d">OCLCQ</subfield><subfield code="d">OCLCF</subfield><subfield code="d">OCLCO</subfield></datafield><datafield ind1="1" ind2=" " tag="029"><subfield code="a">AU@</subfield><subfield code="b">000020724601</subfield></datafield><datafield ind1=" " ind2=" " tag="042"><subfield code="a">pcc</subfield></datafield><datafield ind1=" " ind2=" " tag="043"><subfield code="a">n-us-ca</subfield></datafield><datafield ind1="0" ind2=" " tag="130"><subfield code="a">Contra Costa gazette (Martinez, Calif. : 1893)</subfield></datafield><datafield ind1="1" ind2="4" tag="245"><subfield code="a">The Contra Costa gazette.</subfield></datafield><datafield ind1=" " ind2=" " tag="260"><subfield code="a">Martinez, Calif. :</subfield><subfield code="b">Bunker &amp; Foster</subfield></datafield><datafield ind1=" " ind2=" " tag="300"><subfield code="a">v.</subfield></datafield><datafield ind1=" " ind2=" " tag="310"><subfield code="a">Weekly</subfield></datafield><datafield ind1="0" ind2=" " tag="362"><subfield code="a">Vol. 35, no. 35 (Jan. 7, 1893)-v. 68, no. 52 (Sept. 11, 1926).</subfield></datafield><datafield ind1=" " ind2=" " tag="530"><subfield code="a">Master negatives are available for duplication from:</subfield><subfield code="b">California Newspaper Microfilm Archive;</subfield><subfield code="c">positive copies may be purchased by the reel; for further information consult the CNMA at:</subfield><subfield code="u">http://cbsr.ucr.edu</subfield></datafield><datafield ind1=" " ind2="0" tag="651"><subfield code="a">Martinez (Calif.)</subfield><subfield code="v">Newspapers.</subfield></datafield><datafield ind1=" " ind2="0" tag="651"><subfield code="a">Contra Costa County (Calif.)</subfield><subfield code="v">Newspapers.</subfield></datafield><datafield ind1=" " ind2="7" tag="655"><subfield code="a">Newspapers.</subfield><subfield code="2">fast</subfield><subfield code="0">(OCoLC)fst01423814</subfield></datafield><datafield ind1=" " ind2="7" tag="651"><subfield code="a">California</subfield><subfield code="z">Contra Costa County.</subfield><subfield code="2">fast</subfield><subfield code="0">(OCoLC)fst01206185</subfield></datafield><datafield ind1=" " ind2="7" tag="651"><subfield code="a">California</subfield><subfield code="z">Martinez.</subfield><subfield code="2">fast</subfield><subfield code="0">(OCoLC)fst01213983</subfield></datafield><datafield ind1=" " ind2=" " tag="752"><subfield code="a">United States</subfield><subfield code="b">California</subfield><subfield code="c">Contra Costa</subfield><subfield code="d">Martinez.</subfield></datafield><datafield ind1="0" ind2=" " tag="775"><subfield code="t">Daily gazette (Martinez, Calif.)</subfield><subfield code="w">(DLC)sn 95062650</subfield></datafield><datafield ind1="0" ind2=" " tag="775"><subfield code="t">Daily gazette=Martinez</subfield><subfield code="w">(DLC)sn 95062651</subfield></datafield><datafield ind1="0" ind2="0" tag="780"><subfield code="t">Contra Costa semi-weekly gazette</subfield><subfield code="w">(DLC)sn 93051961</subfield></datafield><datafield ind1="0" ind2="7" tag="785"><subfield code="t">Daily gazette=Martinez</subfield><subfield code="w">(DLC)sn 95062651</subfield></datafield><datafield ind1="0" ind2="7" tag="785"><subfield code="t">Contra Costa gazette and daily gazette</subfield><subfield code="w">(DLC)sn 93051963</subfield></datafield></record>